<record><leader>00000cas a22000007a 4500</leader><controlfield tag="001">14289625</controlfield><controlfield tag="008">861001d18861uuutxuir ne      0    0eng d</controlfield><datafield ind1=" " ind2=" " tag="010"><subfield code="a">sn 86089390 </subfield></datafield><datafield ind1=" " ind2=" " tag="040"><subfield code="a">PPM</subfield><subfield code="b">eng</subfield><subfield code="c">PPM</subfield><subfield code="d">OCLCQ</subfield></datafield><datafield ind1=" " ind2=" " tag="042"><subfield code="a">msc</subfield></datafield><datafield ind1="0" ind2="4" tag="245"><subfield code="a">The tri-weekly ledger.</subfield></datafield><datafield ind1=" " ind2=" " tag="260"><subfield code="a">Hempstead, Tex. :</subfield><subfield code="b">John H. Hutchinson</subfield></datafield><datafield ind1=" " ind2=" " tag="300"><subfield code="a">v.</subfield></datafield><datafield ind1=" " ind2=" " tag="310"><subfield code="a">Triweekly</subfield></datafield><datafield ind1="1" ind2=" " tag="362"><subfield code="a">Began in 1886.</subfield></datafield><datafield ind1=" " ind2=" " tag="580"><subfield code="a">Also published in daily and weekly editions.</subfield></datafield><datafield ind1=" " ind2=" " tag="588"><subfield code="a">Description based on: Vol. 1, no. 5 (Feb. 27, 1886).</subfield></datafield><datafield ind1=" " ind2=" " tag="752"><subfield code="a">United States</subfield><subfield code="b">Texas</subfield><subfield code="c">Waller</subfield><subfield code="d">Hempstead.</subfield></datafield><datafield ind1="1" ind2=" " tag="775"><subfield code="t">Hempstead ledger</subfield></datafield><datafield ind1="1" ind2=" " tag="775"><subfield code="t">Daily ledger (Hempstead, Tex. : 1886)</subfield></datafield></record>